%YAML 1.1
%TAG !u! tag:unity3d.com,2011:
--- !u!1 &6327176657337386197
GameObject:
  m_ObjectHideFlags: 0
  m_CorrespondingSourceObject: {fileID: 0}
  m_PrefabInstance: {fileID: 0}
  m_PrefabAsset: {fileID: 0}
  serializedVersion: 6
  m_Component:
  - component: {fileID: 6327176657337386195}
  - component: {fileID: 6327176657337386194}
  m_Layer: 0
  m_Name: Collider
  m_TagString: Untagged
  m_Icon: {fileID: 0}
  m_NavMeshLayer: 0
  m_StaticEditorFlags: 0
  m_IsActive: 0
--- !u!4 &6327176657337386195
Transform:
  m_ObjectHideFlags: 0
  m_CorrespondingSourceObject: {fileID: 0}
  m_PrefabInstance: {fileID: 0}
  m_PrefabAsset: {fileID: 0}
  m_GameObject: {fileID: 6327176657337386197}
  m_LocalRotation: {x: 0, y: 0, z: 0, w: 1}
  m_LocalPosition: {x: 0, y: 0, z: 0}
  m_LocalScale: {x: 1, y: 1, z: 1}
  m_Children: []
  m_Father: {fileID: 8985990388260150406}
  m_RootOrder: 1
  m_LocalEulerAnglesHint: {x: 0, y: 0, z: 0}
--- !u!61 &6327176657337386194
BoxCollider2D:
  m_ObjectHideFlags: 0
  m_CorrespondingSourceObject: {fileID: 0}
  m_PrefabInstance: {fileID: 0}
  m_PrefabAsset: {fileID: 0}
  m_GameObject: {fileID: 6327176657337386197}
  m_Enabled: 1
  m_Density: 1
  m_Material: {fileID: 0}
  m_IsTrigger: 0
  m_UsedByEffector: 0
  m_UsedByComposite: 0
  m_Offset: {x: 0, y: 0}
  m_SpriteTilingProperty:
    border: {x: 0, y: 0, z: 0, w: 0}
    pivot: {x: 0, y: 0}
    oldSize: {x: 0, y: 0}
    newSize: {x: 0, y: 0}
    adaptiveTilingThreshold: 0
    drawMode: 0
    adaptiveTiling: 0
  m_AutoTiling: 0
  serializedVersion: 2
  m_Size: {x: 1, y: 1}
  m_EdgeRadius: 0
--- !u!1 &8985990388260150404
GameObject:
  m_ObjectHideFlags: 0
  m_CorrespondingSourceObject: {fileID: 0}
  m_PrefabInstance: {fileID: 0}
  m_PrefabAsset: {fileID: 0}
  serializedVersion: 6
  m_Component:
  - component: {fileID: 8985990388260150406}
  - component: {fileID: 8985990388260150405}
  m_Layer: 0
  m_Name: Polyomino
  m_TagString: Untagged
  m_Icon: {fileID: 0}
  m_NavMeshLayer: 0
  m_StaticEditorFlags: 0
  m_IsActive: 1
--- !u!4 &8985990388260150406
Transform:
  m_ObjectHideFlags: 0
  m_CorrespondingSourceObject: {fileID: 0}
  m_PrefabInstance: {fileID: 0}
  m_PrefabAsset: {fileID: 0}
  m_GameObject: {fileID: 8985990388260150404}
  m_LocalRotation: {x: 0, y: 0, z: 0, w: 1}
  m_LocalPosition: {x: 0, y: 0, z: 0}
  m_LocalScale: {x: 1, y: 1, z: 1}
  m_Children:
  - {fileID: 8985990387137145947}
  - {fileID: 6327176657337386195}
  m_Father: {fileID: 0}
  m_RootOrder: 0
  m_LocalEulerAnglesHint: {x: 0, y: 0, z: 0}
--- !u!114 &8985990388260150405
MonoBehaviour:
  m_ObjectHideFlags: 0
  m_CorrespondingSourceObject: {fileID: 0}
  m_PrefabInstance: {fileID: 0}
  m_PrefabAsset: {fileID: 0}
  m_GameObject: {fileID: 8985990388260150404}
  m_Enabled: 1
  m_EditorHideFlags: 0
  m_Script: {fileID: 11500000, guid: 5ec2c9c1af139d043967342ec647fc4e, type: 3}
  m_Name: 
  m_EditorClassIdentifier: 
  mainCollider: {fileID: 6327176657337386194}
  isOnDrag: 0
  isployominoPlaceable: 0
  colorType: 0
  polyominoBlocks:
  - {fileID: 4698898564214651439}
  dropCell: {fileID: 0}
  centerBlockTransform: {fileID: 8985990387137145947}
  rowWiseDistributeDatas:
  - polyominoBlocks:
    - {fileID: 4698898564214651439}
    index: 0
  colWiseDistributeDatas:
  - polyominoBlocks:
    - {fileID: 4698898564214651439}
    index: 0
--- !u!1001 &306381873355471900
PrefabInstance:
  m_ObjectHideFlags: 0
  serializedVersion: 2
  m_Modification:
    m_TransformParent: {fileID: 8985990388260150406}
    m_Modifications:
    - target: {fileID: 8309900624783996162, guid: 1620d978d8e00514eb187995f9f42f48,
        type: 3}
      propertyPath: m_Size.x
      value: 0.65
      objectReference: {fileID: 0}
    - target: {fileID: 8309900624783996162, guid: 1620d978d8e00514eb187995f9f42f48,
        type: 3}
      propertyPath: m_Size.y
      value: 0.65
      objectReference: {fileID: 0}
    - target: {fileID: 8309900624783996162, guid: 1620d978d8e00514eb187995f9f42f48,
        type: 3}
      propertyPath: m_Sprite
      value: 
      objectReference: {fileID: -5137602876616348568, guid: ec175fa146ff2ce48b1dbc40a0f206ca,
        type: 3}
    - target: {fileID: 8309900624783996162, guid: 1620d978d8e00514eb187995f9f42f48,
        type: 3}
      propertyPath: m_SortingOrder
      value: 5
      objectReference: {fileID: 0}
    - target: {fileID: 8309900624783996162, guid: 1620d978d8e00514eb187995f9f42f48,
        type: 3}
      propertyPath: m_WasSpriteAssigned
      value: 1
      objectReference: {fileID: 0}
    - target: {fileID: 8715830964520669253, guid: 1620d978d8e00514eb187995f9f42f48,
        type: 3}
      propertyPath: m_Name
      value: PolyominoBlock
      objectReference: {fileID: 0}
    - target: {fileID: 8715830964520669255, guid: 1620d978d8e00514eb187995f9f42f48,
        type: 3}
      propertyPath: m_RootOrder
      value: 0
      objectReference: {fileID: 0}
    - target: {fileID: 8715830964520669255, guid: 1620d978d8e00514eb187995f9f42f48,
        type: 3}
      propertyPath: m_LocalPosition.x
      value: 0
      objectReference: {fileID: 0}
    - target: {fileID: 8715830964520669255, guid: 1620d978d8e00514eb187995f9f42f48,
        type: 3}
      propertyPath: m_LocalPosition.y
      value: 0
      objectReference: {fileID: 0}
    - target: {fileID: 8715830964520669255, guid: 1620d978d8e00514eb187995f9f42f48,
        type: 3}
      propertyPath: m_LocalPosition.z
      value: 0
      objectReference: {fileID: 0}
    - target: {fileID: 8715830964520669255, guid: 1620d978d8e00514eb187995f9f42f48,
        type: 3}
      propertyPath: m_LocalRotation.w
      value: 1
      objectReference: {fileID: 0}
    - target: {fileID: 8715830964520669255, guid: 1620d978d8e00514eb187995f9f42f48,
        type: 3}
      propertyPath: m_LocalRotation.x
      value: -0
      objectReference: {fileID: 0}
    - target: {fileID: 8715830964520669255, guid: 1620d978d8e00514eb187995f9f42f48,
        type: 3}
      propertyPath: m_LocalRotation.y
      value: -0
      objectReference: {fileID: 0}
    - target: {fileID: 8715830964520669255, guid: 1620d978d8e00514eb187995f9f42f48,
        type: 3}
      propertyPath: m_LocalRotation.z
      value: -0
      objectReference: {fileID: 0}
    - target: {fileID: 8715830964520669255, guid: 1620d978d8e00514eb187995f9f42f48,
        type: 3}
      propertyPath: m_LocalEulerAnglesHint.x
      value: 0
      objectReference: {fileID: 0}
    - target: {fileID: 8715830964520669255, guid: 1620d978d8e00514eb187995f9f42f48,
        type: 3}
      propertyPath: m_LocalEulerAnglesHint.y
      value: 0
      objectReference: {fileID: 0}
    - target: {fileID: 8715830964520669255, guid: 1620d978d8e00514eb187995f9f42f48,
        type: 3}
      propertyPath: m_LocalEulerAnglesHint.z
      value: 0
      objectReference: {fileID: 0}
    m_RemovedComponents: []
  m_SourcePrefab: {fileID: 100100000, guid: 1620d978d8e00514eb187995f9f42f48, type: 3}
--- !u!4 &8985990387137145947 stripped
Transform:
  m_CorrespondingSourceObject: {fileID: 8715830964520669255, guid: 1620d978d8e00514eb187995f9f42f48,
    type: 3}
  m_PrefabInstance: {fileID: 306381873355471900}
  m_PrefabAsset: {fileID: 0}
--- !u!114 &4698898564214651439 stripped
MonoBehaviour:
  m_CorrespondingSourceObject: {fileID: 5005095582090642995, guid: 1620d978d8e00514eb187995f9f42f48,
    type: 3}
  m_PrefabInstance: {fileID: 306381873355471900}
  m_PrefabAsset: {fileID: 0}
  m_GameObject: {fileID: 0}
  m_Enabled: 1
  m_EditorHideFlags: 0
  m_Script: {fileID: 11500000, guid: 8cd5fe39dc371dd43bed04cc54b5e571, type: 3}
  m_Name: 
  m_EditorClassIdentifier: 
