%YAML 1.1
%TAG !u! tag:unity3d.com,2011:
--- !u!1 &5004976349137476889
GameObject:
  m_ObjectHideFlags: 0
  m_CorrespondingSourceObject: {fileID: 0}
  m_PrefabInstance: {fileID: 0}
  m_PrefabAsset: {fileID: 0}
  serializedVersion: 6
  m_Component:
  - component: {fileID: 5004976349137476891}
  - component: {fileID: 5004976349137476888}
  m_Layer: 0
  m_Name: Polyomino 1
  m_TagString: Untagged
  m_Icon: {fileID: 0}
  m_NavMeshLayer: 0
  m_StaticEditorFlags: 0
  m_IsActive: 1
--- !u!4 &5004976349137476891
Transform:
  m_ObjectHideFlags: 0
  m_CorrespondingSourceObject: {fileID: 0}
  m_PrefabInstance: {fileID: 0}
  m_PrefabAsset: {fileID: 0}
  m_GameObject: {fileID: 5004976349137476889}
  m_LocalRotation: {x: 0, y: 0, z: 0, w: 1}
  m_LocalPosition: {x: -0.5, y: 0, z: 0}
  m_LocalScale: {x: 1, y: 1, z: 1}
  m_Children:
  - {fileID: 5004976348014472646}
  - {fileID: 948208181651073663}
  - {fileID: 4035177908152923688}
  - {fileID: 5059336628291475192}
  - {fileID: 2037584385871602981}
  m_Father: {fileID: 0}
  m_RootOrder: 0
  m_LocalEulerAnglesHint: {x: 0, y: 0, z: 0}
--- !u!114 &5004976349137476888
MonoBehaviour:
  m_ObjectHideFlags: 0
  m_CorrespondingSourceObject: {fileID: 0}
  m_PrefabInstance: {fileID: 0}
  m_PrefabAsset: {fileID: 0}
  m_GameObject: {fileID: 5004976349137476889}
  m_Enabled: 1
  m_EditorHideFlags: 0
  m_Script: {fileID: 11500000, guid: 5ec2c9c1af139d043967342ec647fc4e, type: 3}
  m_Name: 
  m_EditorClassIdentifier: 
  mainCollider: {fileID: 6800494239095111143}
  isOnDrag: 0
  isployominoPlaceable: 0
  colorType: 0
  polyominoBlocks:
  - {fileID: 8715677507901946802}
  - {fileID: 3506553334479158283}
  - {fileID: 756223279928991836}
  - {fileID: 8914644733508616332}
  dropCell: {fileID: 0}
  centerBlockTransform: {fileID: 5004976348014472646}
  placeableDropCell: {fileID: 0}
  rowWiseDistributeDatas:
  - polyominoBlocks:
    - {fileID: 8715677507901946802}
    - {fileID: 3506553334479158283}
    - {fileID: 756223279928991836}
    - {fileID: 8914644733508616332}
    index: 0
  colWiseDistributeDatas:
  - polyominoBlocks:
    - {fileID: 8715677507901946802}
    index: 0
  - polyominoBlocks:
    - {fileID: 3506553334479158283}
    index: 1
  - polyominoBlocks:
    - {fileID: 756223279928991836}
    index: 2
  - polyominoBlocks:
    - {fileID: 8914644733508616332}
    index: -1
--- !u!1 &7577036466808770044
GameObject:
  m_ObjectHideFlags: 0
  m_CorrespondingSourceObject: {fileID: 0}
  m_PrefabInstance: {fileID: 0}
  m_PrefabAsset: {fileID: 0}
  serializedVersion: 6
  m_Component:
  - component: {fileID: 2037584385871602981}
  - component: {fileID: 6800494239095111143}
  m_Layer: 0
  m_Name: Collider
  m_TagString: Untagged
  m_Icon: {fileID: 0}
  m_NavMeshLayer: 0
  m_StaticEditorFlags: 0
  m_IsActive: 0
--- !u!4 &2037584385871602981
Transform:
  m_ObjectHideFlags: 0
  m_CorrespondingSourceObject: {fileID: 0}
  m_PrefabInstance: {fileID: 0}
  m_PrefabAsset: {fileID: 0}
  m_GameObject: {fileID: 7577036466808770044}
  m_LocalRotation: {x: 0, y: 0, z: 0, w: 1}
  m_LocalPosition: {x: 0, y: 0, z: 0}
  m_LocalScale: {x: 1, y: 1, z: 1}
  m_Children: []
  m_Father: {fileID: 5004976349137476891}
  m_RootOrder: 4
  m_LocalEulerAnglesHint: {x: 0, y: 0, z: 0}
--- !u!61 &6800494239095111143
BoxCollider2D:
  m_ObjectHideFlags: 0
  m_CorrespondingSourceObject: {fileID: 0}
  m_PrefabInstance: {fileID: 0}
  m_PrefabAsset: {fileID: 0}
  m_GameObject: {fileID: 7577036466808770044}
  m_Enabled: 1
  m_Density: 1
  m_Material: {fileID: 0}
  m_IsTrigger: 0
  m_UsedByEffector: 0
  m_UsedByComposite: 0
  m_Offset: {x: 0, y: 0}
  m_SpriteTilingProperty:
    border: {x: 0, y: 0, z: 0, w: 0}
    pivot: {x: 0, y: 0}
    oldSize: {x: 0, y: 0}
    newSize: {x: 0, y: 0}
    adaptiveTilingThreshold: 0
    drawMode: 0
    adaptiveTiling: 0
  m_AutoTiling: 0
  serializedVersion: 2
  m_Size: {x: 4, y: 1}
  m_EdgeRadius: 0
--- !u!1001 &4432075768485952897
PrefabInstance:
  m_ObjectHideFlags: 0
  serializedVersion: 2
  m_Modification:
    m_TransformParent: {fileID: 5004976349137476891}
    m_Modifications:
    - target: {fileID: 8309900624783996162, guid: 1620d978d8e00514eb187995f9f42f48,
        type: 3}
      propertyPath: m_Size.x
      value: 0.65
      objectReference: {fileID: 0}
    - target: {fileID: 8309900624783996162, guid: 1620d978d8e00514eb187995f9f42f48,
        type: 3}
      propertyPath: m_Size.y
      value: 0.65
      objectReference: {fileID: 0}
    - target: {fileID: 8309900624783996162, guid: 1620d978d8e00514eb187995f9f42f48,
        type: 3}
      propertyPath: m_Sprite
      value: 
      objectReference: {fileID: -5137602876616348568, guid: ec175fa146ff2ce48b1dbc40a0f206ca,
        type: 3}
    - target: {fileID: 8309900624783996162, guid: 1620d978d8e00514eb187995f9f42f48,
        type: 3}
      propertyPath: m_SortingOrder
      value: 5
      objectReference: {fileID: 0}
    - target: {fileID: 8309900624783996162, guid: 1620d978d8e00514eb187995f9f42f48,
        type: 3}
      propertyPath: m_WasSpriteAssigned
      value: 1
      objectReference: {fileID: 0}
    - target: {fileID: 8715830964520669253, guid: 1620d978d8e00514eb187995f9f42f48,
        type: 3}
      propertyPath: m_Name
      value: PolyominoBlock
      objectReference: {fileID: 0}
    - target: {fileID: 8715830964520669255, guid: 1620d978d8e00514eb187995f9f42f48,
        type: 3}
      propertyPath: m_RootOrder
      value: 0
      objectReference: {fileID: 0}
    - target: {fileID: 8715830964520669255, guid: 1620d978d8e00514eb187995f9f42f48,
        type: 3}
      propertyPath: m_LocalPosition.x
      value: 0
      objectReference: {fileID: 0}
    - target: {fileID: 8715830964520669255, guid: 1620d978d8e00514eb187995f9f42f48,
        type: 3}
      propertyPath: m_LocalPosition.y
      value: 0
      objectReference: {fileID: 0}
    - target: {fileID: 8715830964520669255, guid: 1620d978d8e00514eb187995f9f42f48,
        type: 3}
      propertyPath: m_LocalPosition.z
      value: 0
      objectReference: {fileID: 0}
    - target: {fileID: 8715830964520669255, guid: 1620d978d8e00514eb187995f9f42f48,
        type: 3}
      propertyPath: m_LocalRotation.w
      value: 1
      objectReference: {fileID: 0}
    - target: {fileID: 8715830964520669255, guid: 1620d978d8e00514eb187995f9f42f48,
        type: 3}
      propertyPath: m_LocalRotation.x
      value: -0
      objectReference: {fileID: 0}
    - target: {fileID: 8715830964520669255, guid: 1620d978d8e00514eb187995f9f42f48,
        type: 3}
      propertyPath: m_LocalRotation.y
      value: -0
      objectReference: {fileID: 0}
    - target: {fileID: 8715830964520669255, guid: 1620d978d8e00514eb187995f9f42f48,
        type: 3}
      propertyPath: m_LocalRotation.z
      value: -0
      objectReference: {fileID: 0}
    - target: {fileID: 8715830964520669255, guid: 1620d978d8e00514eb187995f9f42f48,
        type: 3}
      propertyPath: m_LocalEulerAnglesHint.x
      value: 0
      objectReference: {fileID: 0}
    - target: {fileID: 8715830964520669255, guid: 1620d978d8e00514eb187995f9f42f48,
        type: 3}
      propertyPath: m_LocalEulerAnglesHint.y
      value: 0
      objectReference: {fileID: 0}
    - target: {fileID: 8715830964520669255, guid: 1620d978d8e00514eb187995f9f42f48,
        type: 3}
      propertyPath: m_LocalEulerAnglesHint.z
      value: 0
      objectReference: {fileID: 0}
    m_RemovedComponents: []
  m_SourcePrefab: {fileID: 100100000, guid: 1620d978d8e00514eb187995f9f42f48, type: 3}
--- !u!4 &5004976348014472646 stripped
Transform:
  m_CorrespondingSourceObject: {fileID: 8715830964520669255, guid: 1620d978d8e00514eb187995f9f42f48,
    type: 3}
  m_PrefabInstance: {fileID: 4432075768485952897}
  m_PrefabAsset: {fileID: 0}
--- !u!114 &8715677507901946802 stripped
MonoBehaviour:
  m_CorrespondingSourceObject: {fileID: 5005095582090642995, guid: 1620d978d8e00514eb187995f9f42f48,
    type: 3}
  m_PrefabInstance: {fileID: 4432075768485952897}
  m_PrefabAsset: {fileID: 0}
  m_GameObject: {fileID: 0}
  m_Enabled: 1
  m_EditorHideFlags: 0
  m_Script: {fileID: 11500000, guid: 8cd5fe39dc371dd43bed04cc54b5e571, type: 3}
  m_Name: 
  m_EditorClassIdentifier: 
--- !u!1001 &4522324099182446271
PrefabInstance:
  m_ObjectHideFlags: 0
  serializedVersion: 2
  m_Modification:
    m_TransformParent: {fileID: 5004976349137476891}
    m_Modifications:
    - target: {fileID: 5005095582090642995, guid: 1620d978d8e00514eb187995f9f42f48,
        type: 3}
      propertyPath: colIndex
      value: -1
      objectReference: {fileID: 0}
    - target: {fileID: 8309900624783996162, guid: 1620d978d8e00514eb187995f9f42f48,
        type: 3}
      propertyPath: m_Size.x
      value: 0.65
      objectReference: {fileID: 0}
    - target: {fileID: 8309900624783996162, guid: 1620d978d8e00514eb187995f9f42f48,
        type: 3}
      propertyPath: m_Size.y
      value: 0.65
      objectReference: {fileID: 0}
    - target: {fileID: 8309900624783996162, guid: 1620d978d8e00514eb187995f9f42f48,
        type: 3}
      propertyPath: m_Sprite
      value: 
      objectReference: {fileID: -5137602876616348568, guid: ec175fa146ff2ce48b1dbc40a0f206ca,
        type: 3}
    - target: {fileID: 8309900624783996162, guid: 1620d978d8e00514eb187995f9f42f48,
        type: 3}
      propertyPath: m_SortingOrder
      value: 5
      objectReference: {fileID: 0}
    - target: {fileID: 8309900624783996162, guid: 1620d978d8e00514eb187995f9f42f48,
        type: 3}
      propertyPath: m_WasSpriteAssigned
      value: 1
      objectReference: {fileID: 0}
    - target: {fileID: 8715830964520669253, guid: 1620d978d8e00514eb187995f9f42f48,
        type: 3}
      propertyPath: m_Name
      value: PolyominoBlock (3)
      objectReference: {fileID: 0}
    - target: {fileID: 8715830964520669254, guid: 1620d978d8e00514eb187995f9f42f48,
        type: 3}
      propertyPath: colIndex
      value: -1
      objectReference: {fileID: 0}
    - target: {fileID: 8715830964520669254, guid: 1620d978d8e00514eb187995f9f42f48,
        type: 3}
      propertyPath: rowIndex
      value: 0
      objectReference: {fileID: 0}
    - target: {fileID: 8715830964520669255, guid: 1620d978d8e00514eb187995f9f42f48,
        type: 3}
      propertyPath: m_RootOrder
      value: 3
      objectReference: {fileID: 0}
    - target: {fileID: 8715830964520669255, guid: 1620d978d8e00514eb187995f9f42f48,
        type: 3}
      propertyPath: m_LocalPosition.x
      value: -1
      objectReference: {fileID: 0}
    - target: {fileID: 8715830964520669255, guid: 1620d978d8e00514eb187995f9f42f48,
        type: 3}
      propertyPath: m_LocalPosition.y
      value: 0
      objectReference: {fileID: 0}
    - target: {fileID: 8715830964520669255, guid: 1620d978d8e00514eb187995f9f42f48,
        type: 3}
      propertyPath: m_LocalPosition.z
      value: 0
      objectReference: {fileID: 0}
    - target: {fileID: 8715830964520669255, guid: 1620d978d8e00514eb187995f9f42f48,
        type: 3}
      propertyPath: m_LocalRotation.w
      value: 1
      objectReference: {fileID: 0}
    - target: {fileID: 8715830964520669255, guid: 1620d978d8e00514eb187995f9f42f48,
        type: 3}
      propertyPath: m_LocalRotation.x
      value: -0
      objectReference: {fileID: 0}
    - target: {fileID: 8715830964520669255, guid: 1620d978d8e00514eb187995f9f42f48,
        type: 3}
      propertyPath: m_LocalRotation.y
      value: -0
      objectReference: {fileID: 0}
    - target: {fileID: 8715830964520669255, guid: 1620d978d8e00514eb187995f9f42f48,
        type: 3}
      propertyPath: m_LocalRotation.z
      value: -0
      objectReference: {fileID: 0}
    - target: {fileID: 8715830964520669255, guid: 1620d978d8e00514eb187995f9f42f48,
        type: 3}
      propertyPath: m_LocalEulerAnglesHint.x
      value: 0
      objectReference: {fileID: 0}
    - target: {fileID: 8715830964520669255, guid: 1620d978d8e00514eb187995f9f42f48,
        type: 3}
      propertyPath: m_LocalEulerAnglesHint.y
      value: 0
      objectReference: {fileID: 0}
    - target: {fileID: 8715830964520669255, guid: 1620d978d8e00514eb187995f9f42f48,
        type: 3}
      propertyPath: m_LocalEulerAnglesHint.z
      value: 0
      objectReference: {fileID: 0}
    m_RemovedComponents: []
  m_SourcePrefab: {fileID: 100100000, guid: 1620d978d8e00514eb187995f9f42f48, type: 3}
--- !u!4 &5059336628291475192 stripped
Transform:
  m_CorrespondingSourceObject: {fileID: 8715830964520669255, guid: 1620d978d8e00514eb187995f9f42f48,
    type: 3}
  m_PrefabInstance: {fileID: 4522324099182446271}
  m_PrefabAsset: {fileID: 0}
--- !u!114 &8914644733508616332 stripped
MonoBehaviour:
  m_CorrespondingSourceObject: {fileID: 5005095582090642995, guid: 1620d978d8e00514eb187995f9f42f48,
    type: 3}
  m_PrefabInstance: {fileID: 4522324099182446271}
  m_PrefabAsset: {fileID: 0}
  m_GameObject: {fileID: 0}
  m_Enabled: 1
  m_EditorHideFlags: 0
  m_Script: {fileID: 11500000, guid: 8cd5fe39dc371dd43bed04cc54b5e571, type: 3}
  m_Name: 
  m_EditorClassIdentifier: 
--- !u!1001 &5695662616055096943
PrefabInstance:
  m_ObjectHideFlags: 0
  serializedVersion: 2
  m_Modification:
    m_TransformParent: {fileID: 5004976349137476891}
    m_Modifications:
    - target: {fileID: 5005095582090642995, guid: 1620d978d8e00514eb187995f9f42f48,
        type: 3}
      propertyPath: colIndex
      value: 2
      objectReference: {fileID: 0}
    - target: {fileID: 8309900624783996162, guid: 1620d978d8e00514eb187995f9f42f48,
        type: 3}
      propertyPath: m_Size.x
      value: 0.65
      objectReference: {fileID: 0}
    - target: {fileID: 8309900624783996162, guid: 1620d978d8e00514eb187995f9f42f48,
        type: 3}
      propertyPath: m_Size.y
      value: 0.65
      objectReference: {fileID: 0}
    - target: {fileID: 8309900624783996162, guid: 1620d978d8e00514eb187995f9f42f48,
        type: 3}
      propertyPath: m_Sprite
      value: 
      objectReference: {fileID: -5137602876616348568, guid: ec175fa146ff2ce48b1dbc40a0f206ca,
        type: 3}
    - target: {fileID: 8309900624783996162, guid: 1620d978d8e00514eb187995f9f42f48,
        type: 3}
      propertyPath: m_SortingOrder
      value: 5
      objectReference: {fileID: 0}
    - target: {fileID: 8309900624783996162, guid: 1620d978d8e00514eb187995f9f42f48,
        type: 3}
      propertyPath: m_WasSpriteAssigned
      value: 1
      objectReference: {fileID: 0}
    - target: {fileID: 8715830964520669253, guid: 1620d978d8e00514eb187995f9f42f48,
        type: 3}
      propertyPath: m_Name
      value: PolyominoBlock (2)
      objectReference: {fileID: 0}
    - target: {fileID: 8715830964520669254, guid: 1620d978d8e00514eb187995f9f42f48,
        type: 3}
      propertyPath: colIndex
      value: 2
      objectReference: {fileID: 0}
    - target: {fileID: 8715830964520669255, guid: 1620d978d8e00514eb187995f9f42f48,
        type: 3}
      propertyPath: m_RootOrder
      value: 2
      objectReference: {fileID: 0}
    - target: {fileID: 8715830964520669255, guid: 1620d978d8e00514eb187995f9f42f48,
        type: 3}
      propertyPath: m_LocalPosition.x
      value: 2
      objectReference: {fileID: 0}
    - target: {fileID: 8715830964520669255, guid: 1620d978d8e00514eb187995f9f42f48,
        type: 3}
      propertyPath: m_LocalPosition.y
      value: 0
      objectReference: {fileID: 0}
    - target: {fileID: 8715830964520669255, guid: 1620d978d8e00514eb187995f9f42f48,
        type: 3}
      propertyPath: m_LocalPosition.z
      value: 0
      objectReference: {fileID: 0}
    - target: {fileID: 8715830964520669255, guid: 1620d978d8e00514eb187995f9f42f48,
        type: 3}
      propertyPath: m_LocalRotation.w
      value: 1
      objectReference: {fileID: 0}
    - target: {fileID: 8715830964520669255, guid: 1620d978d8e00514eb187995f9f42f48,
        type: 3}
      propertyPath: m_LocalRotation.x
      value: -0
      objectReference: {fileID: 0}
    - target: {fileID: 8715830964520669255, guid: 1620d978d8e00514eb187995f9f42f48,
        type: 3}
      propertyPath: m_LocalRotation.y
      value: -0
      objectReference: {fileID: 0}
    - target: {fileID: 8715830964520669255, guid: 1620d978d8e00514eb187995f9f42f48,
        type: 3}
      propertyPath: m_LocalRotation.z
      value: -0
      objectReference: {fileID: 0}
    - target: {fileID: 8715830964520669255, guid: 1620d978d8e00514eb187995f9f42f48,
        type: 3}
      propertyPath: m_LocalEulerAnglesHint.x
      value: 0
      objectReference: {fileID: 0}
    - target: {fileID: 8715830964520669255, guid: 1620d978d8e00514eb187995f9f42f48,
        type: 3}
      propertyPath: m_LocalEulerAnglesHint.y
      value: 0
      objectReference: {fileID: 0}
    - target: {fileID: 8715830964520669255, guid: 1620d978d8e00514eb187995f9f42f48,
        type: 3}
      propertyPath: m_LocalEulerAnglesHint.z
      value: 0
      objectReference: {fileID: 0}
    m_RemovedComponents: []
  m_SourcePrefab: {fileID: 100100000, guid: 1620d978d8e00514eb187995f9f42f48, type: 3}
--- !u!4 &4035177908152923688 stripped
Transform:
  m_CorrespondingSourceObject: {fileID: 8715830964520669255, guid: 1620d978d8e00514eb187995f9f42f48,
    type: 3}
  m_PrefabInstance: {fileID: 5695662616055096943}
  m_PrefabAsset: {fileID: 0}
--- !u!114 &756223279928991836 stripped
MonoBehaviour:
  m_CorrespondingSourceObject: {fileID: 5005095582090642995, guid: 1620d978d8e00514eb187995f9f42f48,
    type: 3}
  m_PrefabInstance: {fileID: 5695662616055096943}
  m_PrefabAsset: {fileID: 0}
  m_GameObject: {fileID: 0}
  m_Enabled: 1
  m_EditorHideFlags: 0
  m_Script: {fileID: 11500000, guid: 8cd5fe39dc371dd43bed04cc54b5e571, type: 3}
  m_Name: 
  m_EditorClassIdentifier: 
--- !u!1001 &8492782037482388024
PrefabInstance:
  m_ObjectHideFlags: 0
  serializedVersion: 2
  m_Modification:
    m_TransformParent: {fileID: 5004976349137476891}
    m_Modifications:
    - target: {fileID: 5005095582090642995, guid: 1620d978d8e00514eb187995f9f42f48,
        type: 3}
      propertyPath: colIndex
      value: 1
      objectReference: {fileID: 0}
    - target: {fileID: 8309900624783996162, guid: 1620d978d8e00514eb187995f9f42f48,
        type: 3}
      propertyPath: m_Size.x
      value: 0.65
      objectReference: {fileID: 0}
    - target: {fileID: 8309900624783996162, guid: 1620d978d8e00514eb187995f9f42f48,
        type: 3}
      propertyPath: m_Size.y
      value: 0.65
      objectReference: {fileID: 0}
    - target: {fileID: 8309900624783996162, guid: 1620d978d8e00514eb187995f9f42f48,
        type: 3}
      propertyPath: m_Sprite
      value: 
      objectReference: {fileID: -5137602876616348568, guid: ec175fa146ff2ce48b1dbc40a0f206ca,
        type: 3}
    - target: {fileID: 8309900624783996162, guid: 1620d978d8e00514eb187995f9f42f48,
        type: 3}
      propertyPath: m_SortingOrder
      value: 5
      objectReference: {fileID: 0}
    - target: {fileID: 8309900624783996162, guid: 1620d978d8e00514eb187995f9f42f48,
        type: 3}
      propertyPath: m_WasSpriteAssigned
      value: 1
      objectReference: {fileID: 0}
    - target: {fileID: 8715830964520669253, guid: 1620d978d8e00514eb187995f9f42f48,
        type: 3}
      propertyPath: m_Name
      value: PolyominoBlock (1)
      objectReference: {fileID: 0}
    - target: {fileID: 8715830964520669254, guid: 1620d978d8e00514eb187995f9f42f48,
        type: 3}
      propertyPath: colIndex
      value: 1
      objectReference: {fileID: 0}
    - target: {fileID: 8715830964520669255, guid: 1620d978d8e00514eb187995f9f42f48,
        type: 3}
      propertyPath: m_RootOrder
      value: 1
      objectReference: {fileID: 0}
    - target: {fileID: 8715830964520669255, guid: 1620d978d8e00514eb187995f9f42f48,
        type: 3}
      propertyPath: m_LocalPosition.x
      value: 1
      objectReference: {fileID: 0}
    - target: {fileID: 8715830964520669255, guid: 1620d978d8e00514eb187995f9f42f48,
        type: 3}
      propertyPath: m_LocalPosition.y
      value: 0
      objectReference: {fileID: 0}
    - target: {fileID: 8715830964520669255, guid: 1620d978d8e00514eb187995f9f42f48,
        type: 3}
      propertyPath: m_LocalPosition.z
      value: 0
      objectReference: {fileID: 0}
    - target: {fileID: 8715830964520669255, guid: 1620d978d8e00514eb187995f9f42f48,
        type: 3}
      propertyPath: m_LocalRotation.w
      value: 1
      objectReference: {fileID: 0}
    - target: {fileID: 8715830964520669255, guid: 1620d978d8e00514eb187995f9f42f48,
        type: 3}
      propertyPath: m_LocalRotation.x
      value: -0
      objectReference: {fileID: 0}
    - target: {fileID: 8715830964520669255, guid: 1620d978d8e00514eb187995f9f42f48,
        type: 3}
      propertyPath: m_LocalRotation.y
      value: -0
      objectReference: {fileID: 0}
    - target: {fileID: 8715830964520669255, guid: 1620d978d8e00514eb187995f9f42f48,
        type: 3}
      propertyPath: m_LocalRotation.z
      value: -0
      objectReference: {fileID: 0}
    - target: {fileID: 8715830964520669255, guid: 1620d978d8e00514eb187995f9f42f48,
        type: 3}
      propertyPath: m_LocalEulerAnglesHint.x
      value: 0
      objectReference: {fileID: 0}
    - target: {fileID: 8715830964520669255, guid: 1620d978d8e00514eb187995f9f42f48,
        type: 3}
      propertyPath: m_LocalEulerAnglesHint.y
      value: 0
      objectReference: {fileID: 0}
    - target: {fileID: 8715830964520669255, guid: 1620d978d8e00514eb187995f9f42f48,
        type: 3}
      propertyPath: m_LocalEulerAnglesHint.z
      value: 0
      objectReference: {fileID: 0}
    m_RemovedComponents: []
  m_SourcePrefab: {fileID: 100100000, guid: 1620d978d8e00514eb187995f9f42f48, type: 3}
--- !u!4 &948208181651073663 stripped
Transform:
  m_CorrespondingSourceObject: {fileID: 8715830964520669255, guid: 1620d978d8e00514eb187995f9f42f48,
    type: 3}
  m_PrefabInstance: {fileID: 8492782037482388024}
  m_PrefabAsset: {fileID: 0}
--- !u!114 &3506553334479158283 stripped
MonoBehaviour:
  m_CorrespondingSourceObject: {fileID: 5005095582090642995, guid: 1620d978d8e00514eb187995f9f42f48,
    type: 3}
  m_PrefabInstance: {fileID: 8492782037482388024}
  m_PrefabAsset: {fileID: 0}
  m_GameObject: {fileID: 0}
  m_Enabled: 1
  m_EditorHideFlags: 0
  m_Script: {fileID: 11500000, guid: 8cd5fe39dc371dd43bed04cc54b5e571, type: 3}
  m_Name: 
  m_EditorClassIdentifier: 
