%YAML 1.1
%TAG !u! tag:unity3d.com,2011:
--- !u!1 &392042304079281503
GameObject:
  m_ObjectHideFlags: 0
  m_CorrespondingSourceObject: {fileID: 0}
  m_PrefabInstance: {fileID: 0}
  m_PrefabAsset: {fileID: 0}
  serializedVersion: 6
  m_Component:
  - component: {fileID: 7493777379405185425}
  - component: {fileID: 2791632147657226216}
  m_Layer: 0
  m_Name: Collider
  m_TagString: Untagged
  m_Icon: {fileID: 0}
  m_NavMeshLayer: 0
  m_StaticEditorFlags: 0
  m_IsActive: 0
--- !u!4 &7493777379405185425
Transform:
  m_ObjectHideFlags: 0
  m_CorrespondingSourceObject: {fileID: 0}
  m_PrefabInstance: {fileID: 0}
  m_PrefabAsset: {fileID: 0}
  m_GameObject: {fileID: 392042304079281503}
  m_LocalRotation: {x: 0, y: 0, z: 0, w: 1}
  m_LocalPosition: {x: 0, y: 0, z: 0}
  m_LocalScale: {x: 1, y: 1, z: 1}
  m_Children: []
  m_Father: {fileID: 2866324200413086194}
  m_RootOrder: 3
  m_LocalEulerAnglesHint: {x: 0, y: 0, z: 0}
--- !u!61 &2791632147657226216
BoxCollider2D:
  m_ObjectHideFlags: 0
  m_CorrespondingSourceObject: {fileID: 0}
  m_PrefabInstance: {fileID: 0}
  m_PrefabAsset: {fileID: 0}
  m_GameObject: {fileID: 392042304079281503}
  m_Enabled: 1
  m_Density: 1
  m_Material: {fileID: 0}
  m_IsTrigger: 0
  m_UsedByEffector: 0
  m_UsedByComposite: 0
  m_Offset: {x: 0, y: 0}
  m_SpriteTilingProperty:
    border: {x: 0, y: 0, z: 0, w: 0}
    pivot: {x: 0, y: 0}
    oldSize: {x: 0, y: 0}
    newSize: {x: 0, y: 0}
    adaptiveTilingThreshold: 0
    drawMode: 0
    adaptiveTiling: 0
  m_AutoTiling: 0
  serializedVersion: 2
  m_Size: {x: 2, y: 2}
  m_EdgeRadius: 0
--- !u!1 &2866324200413086192
GameObject:
  m_ObjectHideFlags: 0
  m_CorrespondingSourceObject: {fileID: 0}
  m_PrefabInstance: {fileID: 0}
  m_PrefabAsset: {fileID: 0}
  serializedVersion: 6
  m_Component:
  - component: {fileID: 2866324200413086194}
  - component: {fileID: 2866324200413086193}
  m_Layer: 0
  m_Name: Polyomino 6
  m_TagString: Untagged
  m_Icon: {fileID: 0}
  m_NavMeshLayer: 0
  m_StaticEditorFlags: 0
  m_IsActive: 1
--- !u!4 &2866324200413086194
Transform:
  m_ObjectHideFlags: 0
  m_CorrespondingSourceObject: {fileID: 0}
  m_PrefabInstance: {fileID: 0}
  m_PrefabAsset: {fileID: 0}
  m_GameObject: {fileID: 2866324200413086192}
  m_LocalRotation: {x: 0, y: 0, z: 0, w: 1}
  m_LocalPosition: {x: -0.5, y: -0.5, z: 0}
  m_LocalScale: {x: 1, y: 1, z: 1}
  m_Children:
  - {fileID: 2866324201534009647}
  - {fileID: 8041937468825941654}
  - {fileID: 4719488668252247541}
  - {fileID: 7493777379405185425}
  m_Father: {fileID: 0}
  m_RootOrder: 0
  m_LocalEulerAnglesHint: {x: 0, y: 0, z: 0}
--- !u!114 &2866324200413086193
MonoBehaviour:
  m_ObjectHideFlags: 0
  m_CorrespondingSourceObject: {fileID: 0}
  m_PrefabInstance: {fileID: 0}
  m_PrefabAsset: {fileID: 0}
  m_GameObject: {fileID: 2866324200413086192}
  m_Enabled: 1
  m_EditorHideFlags: 0
  m_Script: {fileID: 11500000, guid: 5ec2c9c1af139d043967342ec647fc4e, type: 3}
  m_Name: 
  m_EditorClassIdentifier: 
  mainCollider: {fileID: 2791632147657226216}
  isOnDrag: 0
  isployominoPlaceable: 0
  colorType: 0
  polyominoBlocks:
  - {fileID: 1893283501876389723}
  - {fileID: 5916536362722336994}
  - {fileID: 9007071766275752833}
  dropCell: {fileID: 0}
  centerBlockTransform: {fileID: 2866324201534009647}
  placeableDropCell: {fileID: 0}
  rowWiseDistributeDatas:
  - polyominoBlocks:
    - {fileID: 1893283501876389723}
    - {fileID: 5916536362722336994}
    index: 0
  - polyominoBlocks:
    - {fileID: 9007071766275752833}
    index: 1
  colWiseDistributeDatas:
  - polyominoBlocks:
    - {fileID: 1893283501876389723}
    - {fileID: 9007071766275752833}
    index: 0
  - polyominoBlocks:
    - {fileID: 5916536362722336994}
    index: 1
--- !u!1001 &1688402979215697617
PrefabInstance:
  m_ObjectHideFlags: 0
  serializedVersion: 2
  m_Modification:
    m_TransformParent: {fileID: 2866324200413086194}
    m_Modifications:
    - target: {fileID: 5005095582090642995, guid: 1620d978d8e00514eb187995f9f42f48,
        type: 3}
      propertyPath: colIndex
      value: 1
      objectReference: {fileID: 0}
    - target: {fileID: 8309900624783996162, guid: 1620d978d8e00514eb187995f9f42f48,
        type: 3}
      propertyPath: m_Size.x
      value: 0.65
      objectReference: {fileID: 0}
    - target: {fileID: 8309900624783996162, guid: 1620d978d8e00514eb187995f9f42f48,
        type: 3}
      propertyPath: m_Size.y
      value: 0.65
      objectReference: {fileID: 0}
    - target: {fileID: 8309900624783996162, guid: 1620d978d8e00514eb187995f9f42f48,
        type: 3}
      propertyPath: m_Sprite
      value: 
      objectReference: {fileID: -5137602876616348568, guid: ec175fa146ff2ce48b1dbc40a0f206ca,
        type: 3}
    - target: {fileID: 8309900624783996162, guid: 1620d978d8e00514eb187995f9f42f48,
        type: 3}
      propertyPath: m_SortingOrder
      value: 5
      objectReference: {fileID: 0}
    - target: {fileID: 8309900624783996162, guid: 1620d978d8e00514eb187995f9f42f48,
        type: 3}
      propertyPath: m_WasSpriteAssigned
      value: 1
      objectReference: {fileID: 0}
    - target: {fileID: 8715830964520669253, guid: 1620d978d8e00514eb187995f9f42f48,
        type: 3}
      propertyPath: m_Name
      value: PolyominoBlock (1)
      objectReference: {fileID: 0}
    - target: {fileID: 8715830964520669254, guid: 1620d978d8e00514eb187995f9f42f48,
        type: 3}
      propertyPath: colIndex
      value: 1
      objectReference: {fileID: 0}
    - target: {fileID: 8715830964520669254, guid: 1620d978d8e00514eb187995f9f42f48,
        type: 3}
      propertyPath: rowIndex
      value: 0
      objectReference: {fileID: 0}
    - target: {fileID: 8715830964520669255, guid: 1620d978d8e00514eb187995f9f42f48,
        type: 3}
      propertyPath: m_RootOrder
      value: 1
      objectReference: {fileID: 0}
    - target: {fileID: 8715830964520669255, guid: 1620d978d8e00514eb187995f9f42f48,
        type: 3}
      propertyPath: m_LocalPosition.x
      value: 1
      objectReference: {fileID: 0}
    - target: {fileID: 8715830964520669255, guid: 1620d978d8e00514eb187995f9f42f48,
        type: 3}
      propertyPath: m_LocalPosition.y
      value: 0
      objectReference: {fileID: 0}
    - target: {fileID: 8715830964520669255, guid: 1620d978d8e00514eb187995f9f42f48,
        type: 3}
      propertyPath: m_LocalPosition.z
      value: 0
      objectReference: {fileID: 0}
    - target: {fileID: 8715830964520669255, guid: 1620d978d8e00514eb187995f9f42f48,
        type: 3}
      propertyPath: m_LocalRotation.w
      value: 1
      objectReference: {fileID: 0}
    - target: {fileID: 8715830964520669255, guid: 1620d978d8e00514eb187995f9f42f48,
        type: 3}
      propertyPath: m_LocalRotation.x
      value: -0
      objectReference: {fileID: 0}
    - target: {fileID: 8715830964520669255, guid: 1620d978d8e00514eb187995f9f42f48,
        type: 3}
      propertyPath: m_LocalRotation.y
      value: -0
      objectReference: {fileID: 0}
    - target: {fileID: 8715830964520669255, guid: 1620d978d8e00514eb187995f9f42f48,
        type: 3}
      propertyPath: m_LocalRotation.z
      value: -0
      objectReference: {fileID: 0}
    - target: {fileID: 8715830964520669255, guid: 1620d978d8e00514eb187995f9f42f48,
        type: 3}
      propertyPath: m_LocalEulerAnglesHint.x
      value: 0
      objectReference: {fileID: 0}
    - target: {fileID: 8715830964520669255, guid: 1620d978d8e00514eb187995f9f42f48,
        type: 3}
      propertyPath: m_LocalEulerAnglesHint.y
      value: 0
      objectReference: {fileID: 0}
    - target: {fileID: 8715830964520669255, guid: 1620d978d8e00514eb187995f9f42f48,
        type: 3}
      propertyPath: m_LocalEulerAnglesHint.z
      value: 0
      objectReference: {fileID: 0}
    m_RemovedComponents: []
  m_SourcePrefab: {fileID: 100100000, guid: 1620d978d8e00514eb187995f9f42f48, type: 3}
--- !u!4 &8041937468825941654 stripped
Transform:
  m_CorrespondingSourceObject: {fileID: 8715830964520669255, guid: 1620d978d8e00514eb187995f9f42f48,
    type: 3}
  m_PrefabInstance: {fileID: 1688402979215697617}
  m_PrefabAsset: {fileID: 0}
--- !u!114 &5916536362722336994 stripped
MonoBehaviour:
  m_CorrespondingSourceObject: {fileID: 5005095582090642995, guid: 1620d978d8e00514eb187995f9f42f48,
    type: 3}
  m_PrefabInstance: {fileID: 1688402979215697617}
  m_PrefabAsset: {fileID: 0}
  m_GameObject: {fileID: 0}
  m_Enabled: 1
  m_EditorHideFlags: 0
  m_Script: {fileID: 11500000, guid: 8cd5fe39dc371dd43bed04cc54b5e571, type: 3}
  m_Name: 
  m_EditorClassIdentifier: 
--- !u!1001 &4146170272156927410
PrefabInstance:
  m_ObjectHideFlags: 0
  serializedVersion: 2
  m_Modification:
    m_TransformParent: {fileID: 2866324200413086194}
    m_Modifications:
    - target: {fileID: 5005095582090642995, guid: 1620d978d8e00514eb187995f9f42f48,
        type: 3}
      propertyPath: rowIndex
      value: 1
      objectReference: {fileID: 0}
    - target: {fileID: 8309900624783996162, guid: 1620d978d8e00514eb187995f9f42f48,
        type: 3}
      propertyPath: m_Size.x
      value: 0.65
      objectReference: {fileID: 0}
    - target: {fileID: 8309900624783996162, guid: 1620d978d8e00514eb187995f9f42f48,
        type: 3}
      propertyPath: m_Size.y
      value: 0.65
      objectReference: {fileID: 0}
    - target: {fileID: 8309900624783996162, guid: 1620d978d8e00514eb187995f9f42f48,
        type: 3}
      propertyPath: m_Sprite
      value: 
      objectReference: {fileID: -5137602876616348568, guid: ec175fa146ff2ce48b1dbc40a0f206ca,
        type: 3}
    - target: {fileID: 8309900624783996162, guid: 1620d978d8e00514eb187995f9f42f48,
        type: 3}
      propertyPath: m_SortingOrder
      value: 5
      objectReference: {fileID: 0}
    - target: {fileID: 8309900624783996162, guid: 1620d978d8e00514eb187995f9f42f48,
        type: 3}
      propertyPath: m_WasSpriteAssigned
      value: 1
      objectReference: {fileID: 0}
    - target: {fileID: 8715830964520669253, guid: 1620d978d8e00514eb187995f9f42f48,
        type: 3}
      propertyPath: m_Name
      value: PolyominoBlock (2)
      objectReference: {fileID: 0}
    - target: {fileID: 8715830964520669254, guid: 1620d978d8e00514eb187995f9f42f48,
        type: 3}
      propertyPath: colIndex
      value: 0
      objectReference: {fileID: 0}
    - target: {fileID: 8715830964520669254, guid: 1620d978d8e00514eb187995f9f42f48,
        type: 3}
      propertyPath: rowIndex
      value: 1
      objectReference: {fileID: 0}
    - target: {fileID: 8715830964520669255, guid: 1620d978d8e00514eb187995f9f42f48,
        type: 3}
      propertyPath: m_RootOrder
      value: 2
      objectReference: {fileID: 0}
    - target: {fileID: 8715830964520669255, guid: 1620d978d8e00514eb187995f9f42f48,
        type: 3}
      propertyPath: m_LocalPosition.x
      value: 0
      objectReference: {fileID: 0}
    - target: {fileID: 8715830964520669255, guid: 1620d978d8e00514eb187995f9f42f48,
        type: 3}
      propertyPath: m_LocalPosition.y
      value: 1
      objectReference: {fileID: 0}
    - target: {fileID: 8715830964520669255, guid: 1620d978d8e00514eb187995f9f42f48,
        type: 3}
      propertyPath: m_LocalPosition.z
      value: 0
      objectReference: {fileID: 0}
    - target: {fileID: 8715830964520669255, guid: 1620d978d8e00514eb187995f9f42f48,
        type: 3}
      propertyPath: m_LocalRotation.w
      value: 1
      objectReference: {fileID: 0}
    - target: {fileID: 8715830964520669255, guid: 1620d978d8e00514eb187995f9f42f48,
        type: 3}
      propertyPath: m_LocalRotation.x
      value: -0
      objectReference: {fileID: 0}
    - target: {fileID: 8715830964520669255, guid: 1620d978d8e00514eb187995f9f42f48,
        type: 3}
      propertyPath: m_LocalRotation.y
      value: -0
      objectReference: {fileID: 0}
    - target: {fileID: 8715830964520669255, guid: 1620d978d8e00514eb187995f9f42f48,
        type: 3}
      propertyPath: m_LocalRotation.z
      value: -0
      objectReference: {fileID: 0}
    - target: {fileID: 8715830964520669255, guid: 1620d978d8e00514eb187995f9f42f48,
        type: 3}
      propertyPath: m_LocalEulerAnglesHint.x
      value: 0
      objectReference: {fileID: 0}
    - target: {fileID: 8715830964520669255, guid: 1620d978d8e00514eb187995f9f42f48,
        type: 3}
      propertyPath: m_LocalEulerAnglesHint.y
      value: 0
      objectReference: {fileID: 0}
    - target: {fileID: 8715830964520669255, guid: 1620d978d8e00514eb187995f9f42f48,
        type: 3}
      propertyPath: m_LocalEulerAnglesHint.z
      value: 0
      objectReference: {fileID: 0}
    m_RemovedComponents: []
  m_SourcePrefab: {fileID: 100100000, guid: 1620d978d8e00514eb187995f9f42f48, type: 3}
--- !u!4 &4719488668252247541 stripped
Transform:
  m_CorrespondingSourceObject: {fileID: 8715830964520669255, guid: 1620d978d8e00514eb187995f9f42f48,
    type: 3}
  m_PrefabInstance: {fileID: 4146170272156927410}
  m_PrefabAsset: {fileID: 0}
--- !u!114 &9007071766275752833 stripped
MonoBehaviour:
  m_CorrespondingSourceObject: {fileID: 5005095582090642995, guid: 1620d978d8e00514eb187995f9f42f48,
    type: 3}
  m_PrefabInstance: {fileID: 4146170272156927410}
  m_PrefabAsset: {fileID: 0}
  m_GameObject: {fileID: 0}
  m_Enabled: 1
  m_EditorHideFlags: 0
  m_Script: {fileID: 11500000, guid: 8cd5fe39dc371dd43bed04cc54b5e571, type: 3}
  m_Name: 
  m_EditorClassIdentifier: 
--- !u!1001 &6860073745559642472
PrefabInstance:
  m_ObjectHideFlags: 0
  serializedVersion: 2
  m_Modification:
    m_TransformParent: {fileID: 2866324200413086194}
    m_Modifications:
    - target: {fileID: 8309900624783996162, guid: 1620d978d8e00514eb187995f9f42f48,
        type: 3}
      propertyPath: m_Size.x
      value: 0.65
      objectReference: {fileID: 0}
    - target: {fileID: 8309900624783996162, guid: 1620d978d8e00514eb187995f9f42f48,
        type: 3}
      propertyPath: m_Size.y
      value: 0.65
      objectReference: {fileID: 0}
    - target: {fileID: 8309900624783996162, guid: 1620d978d8e00514eb187995f9f42f48,
        type: 3}
      propertyPath: m_Sprite
      value: 
      objectReference: {fileID: -5137602876616348568, guid: ec175fa146ff2ce48b1dbc40a0f206ca,
        type: 3}
    - target: {fileID: 8309900624783996162, guid: 1620d978d8e00514eb187995f9f42f48,
        type: 3}
      propertyPath: m_SortingOrder
      value: 5
      objectReference: {fileID: 0}
    - target: {fileID: 8309900624783996162, guid: 1620d978d8e00514eb187995f9f42f48,
        type: 3}
      propertyPath: m_WasSpriteAssigned
      value: 1
      objectReference: {fileID: 0}
    - target: {fileID: 8715830964520669253, guid: 1620d978d8e00514eb187995f9f42f48,
        type: 3}
      propertyPath: m_Name
      value: PolyominoBlock
      objectReference: {fileID: 0}
    - target: {fileID: 8715830964520669255, guid: 1620d978d8e00514eb187995f9f42f48,
        type: 3}
      propertyPath: m_RootOrder
      value: 0
      objectReference: {fileID: 0}
    - target: {fileID: 8715830964520669255, guid: 1620d978d8e00514eb187995f9f42f48,
        type: 3}
      propertyPath: m_LocalPosition.x
      value: 0
      objectReference: {fileID: 0}
    - target: {fileID: 8715830964520669255, guid: 1620d978d8e00514eb187995f9f42f48,
        type: 3}
      propertyPath: m_LocalPosition.y
      value: 0
      objectReference: {fileID: 0}
    - target: {fileID: 8715830964520669255, guid: 1620d978d8e00514eb187995f9f42f48,
        type: 3}
      propertyPath: m_LocalPosition.z
      value: 0
      objectReference: {fileID: 0}
    - target: {fileID: 8715830964520669255, guid: 1620d978d8e00514eb187995f9f42f48,
        type: 3}
      propertyPath: m_LocalRotation.w
      value: 1
      objectReference: {fileID: 0}
    - target: {fileID: 8715830964520669255, guid: 1620d978d8e00514eb187995f9f42f48,
        type: 3}
      propertyPath: m_LocalRotation.x
      value: -0
      objectReference: {fileID: 0}
    - target: {fileID: 8715830964520669255, guid: 1620d978d8e00514eb187995f9f42f48,
        type: 3}
      propertyPath: m_LocalRotation.y
      value: -0
      objectReference: {fileID: 0}
    - target: {fileID: 8715830964520669255, guid: 1620d978d8e00514eb187995f9f42f48,
        type: 3}
      propertyPath: m_LocalRotation.z
      value: -0
      objectReference: {fileID: 0}
    - target: {fileID: 8715830964520669255, guid: 1620d978d8e00514eb187995f9f42f48,
        type: 3}
      propertyPath: m_LocalEulerAnglesHint.x
      value: 0
      objectReference: {fileID: 0}
    - target: {fileID: 8715830964520669255, guid: 1620d978d8e00514eb187995f9f42f48,
        type: 3}
      propertyPath: m_LocalEulerAnglesHint.y
      value: 0
      objectReference: {fileID: 0}
    - target: {fileID: 8715830964520669255, guid: 1620d978d8e00514eb187995f9f42f48,
        type: 3}
      propertyPath: m_LocalEulerAnglesHint.z
      value: 0
      objectReference: {fileID: 0}
    m_RemovedComponents: []
  m_SourcePrefab: {fileID: 100100000, guid: 1620d978d8e00514eb187995f9f42f48, type: 3}
--- !u!4 &2866324201534009647 stripped
Transform:
  m_CorrespondingSourceObject: {fileID: 8715830964520669255, guid: 1620d978d8e00514eb187995f9f42f48,
    type: 3}
  m_PrefabInstance: {fileID: 6860073745559642472}
  m_PrefabAsset: {fileID: 0}
--- !u!114 &1893283501876389723 stripped
MonoBehaviour:
  m_CorrespondingSourceObject: {fileID: 5005095582090642995, guid: 1620d978d8e00514eb187995f9f42f48,
    type: 3}
  m_PrefabInstance: {fileID: 6860073745559642472}
  m_PrefabAsset: {fileID: 0}
  m_GameObject: {fileID: 0}
  m_Enabled: 1
  m_EditorHideFlags: 0
  m_Script: {fileID: 11500000, guid: 8cd5fe39dc371dd43bed04cc54b5e571, type: 3}
  m_Name: 
  m_EditorClassIdentifier: 
